%% This BibTeX bibliography file was created using BibDesk.
%% http://bibdesk.sourceforge.net/

%% Created for Mac Outreach Admin at 2018-07-25 15:09:20 -0400 


%% Saved with string encoding Unicode (UTF-8) 



@article{cerpa1996some,
	Author = {Johnston, Tim},
	Date-Added = {2018-07-25 14:55:25 +0000},
	Date-Modified = {2018-07-25 14:55:25 +0000},
	Journal = {Journal of Educational Computing Research},
	Number = {4},
	Pages = {345--367},
	Publisher = {SAGE Publications Sage CA: Los Angeles, CA},
	Title = {Some conditions under which integrated computer-based training software can facilitate learning},
	Volume = {15},
	Year = {1996}}
