%% This BibTeX bibliography file was created using BibDesk.
%% http://bibdesk.sourceforge.net/

%% Created for Mac Outreach Admin at 2018-07-25 15:09:20 -0400 


%% Saved with string encoding Unicode (UTF-8) 

@phdthesis{johnston2016toolkit,
  title={Toolkit for Automatic Collection and Predictive Modelling of Software Metrics},
  author={Johnston, Tim},
  year={2016}
}

@online{GitHubLimit,
  author = {GitHub Inc},
  title = {{Limit on Cloning Repositories}},
  year = 2017,
  url = https://platform.github.community/t/limit-on-cloning-repositories/3672},
  urldate = {2018-11-25}
}